@misc{acrobat,
  key = "acrobat",
  title = {{Adobe Acrobat Reader 7}},
   note = {\url{http://www.adobe.com/products/acrobat/}}
}

@article{ethics,
  title = {{Social Impacts of Computing: Codes of Professional Ethics}},
  author = {Ronald E. Anderson},
  doi = "10.1177/089443939201000402",
  journal = "Social Science Computer Review December",
  year = 1992,
  volume = 10,
  number = 4,
  pages = "453-469"
}

@misc{acm_categories,
  key = "association",
  title = {{How to Classify Works Using ACM's Computing Classification System}},
  note = {\url{http://www.acm.org/class/how_to_use.html}},
},

@inproceedings{Azenkot:2012,
 author = {Azenkot, S.,  and Zhai, S.},
 title = {Touch Behavior with Different Postures on Soft Smart Phone Keyboards},
 booktitle = {Proceedings of MobileHCI},
 year = {2012},
} 

@inproceedings{Findlater:2012,
  title = {Personalized input: improving ten-finger touchscreen typing through automatic adaptation},
  author = {Findlater, L., and Wobbrock, J.O.},
  booktitle = {Proc. SIGCHI Conference on Human Factors in Computing Systems},
  year = 2012,
  pages = "815-824",
}

@book{Schwartz:1995:GBF,
  title = {{Guidelines for Bias-Free Writing}},
  author = {Schwartz, Marilyn},
  publisher = {Indiana University Press},
  location = {Bloomington, IN, USA},
  year = 1995,
}

@inproceedings{Gunawardana:2010,
  title={Usability guided key-target resizing for soft keyboards},
  author={Gunawardana, A., Paek, T. and Meek, C.},
  booktitle={Proceedings of the 15th international conference on Intelligent user interfaces},
  pages={"111-118"},
  year={2010},
  organization={ACM}
} 

@inproceedings{Goodman:2002,
  title={Language modeling for soft keyboards},
  author={Goodman, J., Venolia, G., Steury, K., and Parker, C.},
  booktitle={Proceedings of the 7th International Conference on Intelligent User Interfaces},
  pages= "194-195",
  year={2002}
}


